<record><leader>00000cas a2200000 a 4500</leader><controlfield tag="001">33832557</controlfield><controlfield tag="008">951201d18831893fluwr ne      0    0eng c</controlfield><datafield ind1=" " ind2=" " tag="010"><subfield code="a">sn 95047349 </subfield></datafield><datafield ind1=" " ind2=" " tag="040"><subfield code="a">FUG</subfield><subfield code="b">eng</subfield><subfield code="c">FUG</subfield><subfield code="d">OCLCQ</subfield><subfield code="d">OCLCF</subfield><subfield code="d">OCLCO</subfield></datafield><datafield ind1=" " ind2=" " tag="012"><subfield code="i">9512</subfield></datafield><datafield ind1="1" ind2=" " tag="029"><subfield code="a">AU@</subfield><subfield code="b">000025891775</subfield></datafield><datafield ind1=" " ind2=" " tag="042"><subfield code="a">pcc</subfield></datafield><datafield ind1=" " ind2=" " tag="043"><subfield code="a">n-us-fl</subfield></datafield><datafield ind1="0" ind2=" " tag="130"><subfield code="a">Sanford journal (Sanford, Fla.)</subfield></datafield><datafield ind1="1" ind2="4" tag="245"><subfield code="a">The Sanford journal.</subfield></datafield><datafield ind1=" " ind2=" " tag="260"><subfield code="a">Sanford, Fla. :</subfield><subfield code="b">J.J. Harris,</subfield><subfield code="c">1883-</subfield></datafield><datafield ind1=" " ind2=" " tag="300"><subfield code="a">v.</subfield></datafield><datafield ind1=" " ind2=" " tag="310"><subfield code="a">Weekly</subfield></datafield><datafield ind1="0" ind2=" " tag="362"><subfield code="a">Vol. 10, no. 4 (Feb. 1, 1883)- = whole no. 472-</subfield></datafield><datafield ind1="1" ind2=" " tag="362"><subfield code="a">Ceased in 1893?</subfield><subfield code="z">Cf. Gregorgy, W. Amer. newspapers, 1937.</subfield></datafield><datafield ind1=" " ind2=" " tag="580"><subfield code="a">Daily eds: Daily Sanford journal, 1886-1889; Sanford daily journal, &lt;1892&gt;.</subfield></datafield><datafield ind1=" " ind2=" " tag="588"><subfield code="a">Latest issue consulted: Vol. 11, no. 44 (Nov. 6, 1884) = whole no. 564.</subfield></datafield><datafield ind1=" " ind2="0" tag="651"><subfield code="a">Sanford (Fla.)</subfield><subfield code="v">Newspapers.</subfield></datafield><datafield ind1=" " ind2="0" tag="651"><subfield code="a">Orange County (Fla.)</subfield><subfield code="v">Newspapers.</subfield></datafield><datafield ind1=" " ind2="7" tag="655"><subfield code="a">Newspapers.</subfield><subfield code="2">fast</subfield><subfield code="0">(OCoLC)fst01423814</subfield></datafield><datafield ind1=" " ind2="7" tag="651"><subfield code="a">Florida</subfield><subfield code="z">Orange County.</subfield><subfield code="2">fast</subfield><subfield code="0">(OCoLC)fst01211878</subfield></datafield><datafield ind1=" " ind2="7" tag="651"><subfield code="a">Florida</subfield><subfield code="z">Sanford.</subfield><subfield code="2">fast</subfield><subfield code="0">(OCoLC)fst01218546</subfield></datafield><datafield ind1=" " ind2=" " tag="752"><subfield code="a">United States</subfield><subfield code="b">Florida</subfield><subfield code="c">Orange</subfield><subfield code="d">Sanford.</subfield></datafield><datafield ind1="1" ind2=" " tag="775"><subfield code="t">Daily Sanford journal</subfield><subfield code="w">(DLC)sn 95047350</subfield><subfield code="w">(OCoLC)1557354</subfield></datafield><datafield ind1="1" ind2=" " tag="775"><subfield code="t">Sanford daily journal</subfield><subfield code="w">(DLC)sn 95047351</subfield><subfield code="w">(OCoLC)33832558</subfield></datafield><datafield ind1="0" ind2="0" tag="780"><subfield code="t">South Florida journal</subfield><subfield code="w">(DLC)sn 84022790</subfield><subfield code="w">(OCoLC)10592575</subfield></datafield><datafield ind1=" " ind2=" " tag="850"><subfield code="a">FU</subfield></datafield></record>